<record><leader>00000cas a22000007a 4500</leader><controlfield tag="001">17766568</controlfield><controlfield tag="008">880411c19809999ohucr ne      0    0eng d</controlfield><datafield ind1=" " ind2=" " tag="010"><subfield code="a">sn 88078421 </subfield></datafield><datafield ind1=" " ind2=" " tag="040"><subfield code="a">ONP</subfield><subfield code="b">eng</subfield><subfield code="c">ONP</subfield><subfield code="d">OCLCQ</subfield></datafield><datafield ind1=" " ind2=" " tag="042"><subfield code="a">msc</subfield></datafield><datafield ind1="0" ind2="0" tag="245"><subfield code="a">Hudson hub-times.</subfield></datafield><datafield ind1=" " ind2=" " tag="260"><subfield code="a">Hudson, Ohio :</subfield><subfield code="b">Record Pub. Co.,</subfield><subfield code="c">1980-</subfield></datafield><datafield ind1=" " ind2=" " tag="300"><subfield code="a">v.</subfield></datafield><datafield ind1=" " ind2=" " tag="310"><subfield code="a">Semiweekly,</subfield><subfield code="b">Oct. 5, 1988-</subfield></datafield><datafield ind1=" " ind2=" " tag="321"><subfield code="a">Weekly,</subfield><subfield code="b">Feb. 6, 1980-Sept. 28, 1988</subfield></datafield><datafield ind1="0" ind2=" " tag="362"><subfield code="a">Vol. 48, no. 36 (Feb. 6, 1980)-</subfield></datafield><datafield ind1=" " ind2=" " tag="752"><subfield code="a">United States</subfield><subfield code="b">Ohio</subfield><subfield code="c">Summit</subfield><subfield code="d">Hudson.</subfield></datafield><datafield ind1="0" ind2="4" tag="780"><subfield code="t">Hudson hub</subfield><subfield code="w">(DLC)sn 88078423</subfield></datafield><datafield ind1="0" ind2="4" tag="780"><subfield code="t">Hudson times (Hudson, Ohio)</subfield><subfield code="w">(DLC)sn 88078422</subfield></datafield></record>